<?xml version="1.0" encoding="UTF-8"?>
<marc:records xmlns:marc="http://www.loc.gov/MARC21/slim" xmlns:xsi="http://www.w3.org/2001/XMLSchema-instance" xsi:schemaLocation="http://www.loc.gov/MARC21/slim http://www.loc.gov/standards/marcxml/schema/MARC21slim.xsd">
  <marc:record>
    <marc:leader>02715ntm a2200325 a 4500</marc:leader>
    <marc:controlfield tag="001">9977899937003681</marc:controlfield>
    <marc:controlfield tag="005">20220823093843.0</marc:controlfield>
    <marc:controlfield tag="008">210204s1604    enk           000 0 eng d</marc:controlfield>
    <marc:datafield ind1=" " ind2=" " tag="035">
  <marc:subfield code="a">(OCoLC)on1290136061</marc:subfield>
</marc:datafield>
    <marc:datafield ind1=" " ind2=" " tag="035">
  <marc:subfield code="a">(OCoLC)1290136061</marc:subfield>
</marc:datafield>
    <marc:datafield ind1=" " ind2=" " tag="040">
  <marc:subfield code="a">PAU</marc:subfield>
  <marc:subfield code="b">eng</marc:subfield>
  <marc:subfield code="e">dacs</marc:subfield>
  <marc:subfield code="c">PAU</marc:subfield>
</marc:datafield>
    <marc:datafield ind1=" " ind2=" " tag="049">
  <marc:subfield code="a">PAUU</marc:subfield>
</marc:datafield>
    <marc:datafield ind1=" " ind2="9" tag="099">
  <marc:subfield code="a">Ms. Coll. 1446</marc:subfield>
</marc:datafield>
    <marc:datafield ind1="1" ind2=" " tag="100">
  <marc:subfield code="a">Harvey, William,</marc:subfield>
  <marc:subfield code="d">1578-1657.</marc:subfield>
</marc:datafield>
    <marc:datafield ind1="1" ind2="0" tag="245">
  <marc:subfield code="a">William Harvey indenture,</marc:subfield>
  <marc:subfield code="f">1604.</marc:subfield>
</marc:datafield>
    <marc:datafield ind1=" " ind2=" " tag="300">
  <marc:subfield code="a">1</marc:subfield>
  <marc:subfield code="f">document :</marc:subfield>
  <marc:subfield code="b">parchment ;</marc:subfield>
  <marc:subfield code="c">560 x 702 mm (unfolded) +</marc:subfield>
  <marc:subfield code="e">2 wax seals on parchment tags.</marc:subfield>
</marc:datafield>
    <marc:datafield ind1="0" ind2=" " tag="520">
  <marc:subfield code="a">One third of a tripartite Indenture recording an agreement among William Harvey, Thomas Harvey, and Lancelot Browne at the time of the marriage of William Harvey (Thomas's son) and Elizabeth Browne (Lancelot's daughter), dated 24 November 1604.  William Harvey, newly admitted to the Royal College of Physicians, and Lancelot Browne, also a member of the Royal College of Physicians and physician to Elizabeth and James I, are each described as "doctor of Physick."  Thomas Harvey grants the manor of Boxtall Lane (written Boxstale Lane in the indenture text and Bocstale Lane on the verso), in the county of Kent, for Elizabeth's dowry.  William Harvey and Lancelot Browne's signatures are on the fold at the bottom of the document, through which their wax seals are attached.  The seal below Lancelot Browne's signature has minor damage on one edge.  The signatures of witnesses Henry Goddard (signed Goddarde), John Butcher (signed Bucher), and Aquilla Palliner (?) are on the verso.  Written in 60 lines of secretary script with a large first initial in decorative penwork and a few phrases of the text written in larger Gothic script, ruled in hard point with pricking visible at the left edge, indented top and right edges.</marc:subfield>
</marc:datafield>
    <marc:datafield ind1="0" ind2=" " tag="545">
  <marc:subfield code="a">English physician who was the first to demonstrate the circulation of the blood; married Elizabeth Browne, daughter of royal physician Lancelot Browne.</marc:subfield>
</marc:datafield>
    <marc:datafield ind1="1" ind2=" " tag="561">
  <marc:subfield code="a">Sold by 19th Century Rare Book &amp; Photograph Shop (Brooklyn, New York), 2021.</marc:subfield>
</marc:datafield>
    <marc:datafield ind1="1" ind2="0" tag="600">
  <marc:subfield code="a">Losey, Elizabeth Browne.</marc:subfield>
</marc:datafield>
    <marc:datafield ind1=" " ind2="0" tag="650">
  <marc:subfield code="a">Physicians</marc:subfield>
  <marc:subfield code="z">England</marc:subfield>
  <marc:subfield code="x">History</marc:subfield>
  <marc:subfield code="v">Sources.</marc:subfield>
</marc:datafield>
    <marc:datafield ind1=" " ind2="0" tag="650">
  <marc:subfield code="a">Dowry</marc:subfield>
  <marc:subfield code="z">England</marc:subfield>
  <marc:subfield code="v">Early works to 1800.</marc:subfield>
</marc:datafield>
    <marc:datafield ind1=" " ind2="0" tag="650">
  <marc:subfield code="a">Real property</marc:subfield>
  <marc:subfield code="z">England</marc:subfield>
  <marc:subfield code="v">Early works to 1800.</marc:subfield>
</marc:datafield>
    <marc:datafield ind1=" " ind2="7" tag="655">
  <marc:subfield code="a">Indentures.</marc:subfield>
  <marc:subfield code="2">aat</marc:subfield>
</marc:datafield>
    <marc:datafield ind1=" " ind2="7" tag="655">
  <marc:subfield code="a">Manuscripts, English</marc:subfield>
  <marc:subfield code="y">17th century.</marc:subfield>
  <marc:subfield code="2">local</marc:subfield>
</marc:datafield>
    <marc:datafield ind1=" " ind2="0" tag="655">
  <marc:subfield code="a">Manuscripts, European.</marc:subfield>
</marc:datafield>
    <marc:datafield ind1="1" ind2=" " tag="700">
  <marc:subfield code="a">Browne, Lancelot,</marc:subfield>
  <marc:subfield code="d">-1605.</marc:subfield>
</marc:datafield>
    <marc:datafield ind1="1" ind2=" " tag="700">
  <marc:subfield code="a">Harvey, Thomas.</marc:subfield>
</marc:datafield>
    <marc:datafield ind1=" " ind2=" " tag="852">
  <marc:subfield code="b">Kislak Center for Special Collections, Rare Books and Manuscripts</marc:subfield>
  <marc:subfield code="a">University of Pennsylvania</marc:subfield>
  <marc:subfield code="e">3420 Walnut Street, Philadelphia, Pennsylvania 19104-6206.</marc:subfield>
  <marc:subfield code="j">Ms. Coll. 1446</marc:subfield>
</marc:datafield>
    <marc:datafield ind1="4" ind2="1" tag="856">
  <marc:subfield code="z">Digital facsimile for browsing (Colenda)</marc:subfield>
  <marc:subfield code="u">https://colenda.library.upenn.edu/catalog/81431-p3f18t14q</marc:subfield>
</marc:datafield>
    <marc:holdings>
      <marc:holding>
        <marc:holding_id>22659975380003681</marc:holding_id>
        <marc:call_number>Ms. Coll. 1446</marc:call_number>
        <marc:library>KislakCntr</marc:library>
        <marc:location>scmss</marc:location>
      </marc:holding>
    </marc:holdings>
  </marc:record>
</marc:records>
